@article{Hart1996,
	doi = {10.1007/s003710050084},
	year = {1996},
	month = dec,
	publisher = {Springer Science and Business Media {LLC}},
	volume = {12},
	number = {10},
	pages = {527--545},
	author = {John C. Hart},
	title = {Sphere tracing: a geometric method for the antialiased ray tracing of implicit surfaces},
	journal = {The Visual Computer}
}

@article{Hansson-Soderlund2022SDF,
	author =       {Herman {Hansson S\"oderlund} and Alex Evans and Tomas Akenine-M\"oller}, 
	title =        {Ray Tracing of Signed Distance Function Grids},
	year =         {2022},
	month =        sep,
	day =          {21},
	journal =      {Journal of Computer Graphics Techniques (JCGT)},
	volume =       11,
	number =       3,
	pages =        {94--113},
	url =          {http://jcgt.org/published/0011/03/06/},
	issn =         {2331-7418}
}

@article{BalintCsaba,
	year = {2016},
	author = {Bálint Csaba},
	title = {Távolságfüggvényekkel definiált felületek interaktív megjelenítése},
	journal = {Országos Tudományos Diákköri Konferencia}
}

@inproceedings{Keinert2014EnhancedST,
	title={Enhanced Sphere Tracing},
	author={Benjamin Keinert and Henry Sch{\"a}fer and Johann Kornd{\"o}rfer and Urs Ganse and Marc Stamminger},
	booktitle={Smart Tools and Applications in Graphics},
	year={2014}
}

@inproceedings {RobBan,
	booktitle = {Eurographics 2023 - Short Papers},
	editor = {Babaei, Vahid and Skouras, Melina},
	title = {{Automatic Step Size Relaxation in Sphere Tracing}},
	author = {Bán, Róbert and Valasek, Gábor},
	year = {2023},
	publisher = {The Eurographics Association},
	ISSN = {1017-4656},
	ISBN = {978-3-03868-209-7},
	DOI = {10.2312/egs.20231014}
}

@article{QuadricTrace,
	author = {Bálint, Csaba and Kiglics, Mátyás},
	year = {2021},
	month = {01},
	pages = {},
	title = {Quadric tracing: A geometric method for accelerated sphere tracing of implicit surfaces},
	volume = {25},
	journal = {Acta Cybernetica},
	doi = {10.14232/actacyb.290007}
}

@inproceedings {BálintValasekAccST,
	booktitle = {EG 2018 - Short Papers},
	editor = {Diamanti, Olga and Vaxman, Amir},
	title = {{Accelerating Sphere Tracing}},
	author = {Bálint, Csaba and Valasek, Gábor},
	year = {2018},
	publisher = {The Eurographics Association},
	ISSN = {1017-4656},
	DOI = {10.2312/egs.20181037}
}

@misc{RayMarching, 
	author={Morgan McGuire},
	title={Ray Marching},
	url={https://graphicscodex.courses.nvidia.com/app.html?page=_rn_rayMrch},
	urldate={2023-05-12},
} 

@misc{QuilezDistanceFunctions, 
	author={Quilez, Inigo},
	title={Distance functions},
	url={https://iquilezles.org/articles/distfunctions/},
	urldate={2023-05-10},
} 

@book{farin2002curves,
	title={Curves and Surfaces for {CAGD}: A Practical Guide},
	author={Farin, Gerald},
	isbn={9781558607378},
	lccn={2001094373},
	series={Computer graphics and geometric modeling},
	url={https://books.google.hu/books?id=D0qGMAwSUkEC},
	year={2002},
	publisher={Elsevier Science}
}

@article{Blinn1977,
	doi = {10.1145/965141.563893},
	url = {https://doi.org/10.1145/965141.563893},
	year = {1977},
	month = jul,
	publisher = {Association for Computing Machinery ({ACM})},
	volume = {11},
	number = {2},
	pages = {192--198},
	author = {James F. Blinn},
	title = {Models of light reflection for computer synthesized pictures},
	journal = {{ACM} {SIGGRAPH} Computer Graphics}
}

@inproceedings{AreaLights,
	author = {Bán, Róbert and Bálint, Csaba and Valasek, Gábor},
	year = {2019},
	month = {05},
	pages = {},
	title = {Area Lights in Signed Distance Function Scenes},
	doi = {10.2312/egs.20191021}
}

@article{LemarechalOnGrad,
	url = {https://www.math.uni-bielefeld.de/documenta/vol-ismp/40_lemarechal-claude.pdf},
	year = {2012},
	publisher = {Deutschen Mathematiker-Vereinigung},
	pages = {251--254},
	author = {Lemaréchal, C.},
	title = {Cauchy and the Gradient Method},
	journal = {Documenta Mathematica}
}

@inproceedings{Adam,
	author       = {Diederik P. Kingma and Jimmy Ba},
	editor       = {Yoshua Bengio and Yann LeCun},
	title        = {Adam: {A} Method for Stochastic Optimization},
	booktitle    = {3rd International Conference on Learning Representations, {ICLR} 2015, San Diego, CA, USA, May 7-9, 2015, Conference Track Proceedings},
	year         = {2015},
	url          = {http://arxiv.org/abs/1412.6980},
	timestamp    = {Thu, 25 Jul 2019 14:25:37 +0200},
	biburl       = {https://dblp.org/rec/journals/corr/KingmaB14.bib},
	bibsource    = {dblp computer science bibliography, https://dblp.org}
}

@article{locOptSDFCollision,
	author = {Macklin, Miles and Erleben, Kenny and M\"{u}ller, Matthias and Chentanez, Nuttapong and Jeschke, Stefan and Corse, Zach},
	title = {Local Optimization for Robust Signed Distance Field Collision},
	year = {2020},
	issue_date = {Apr 2020},
	publisher = {Association for Computing Machinery},
	address = {New York, NY, USA},
	volume = {3},
	number = {1},
	url = {https://doi.org/10.1145/3384538},
	doi = {10.1145/3384538},
	month = may,
	articleno = {8},
	numpages = {17},
}

@misc{MirrorDescent, 
	author={Vlad, Niculae},
	title={Optimizing with constraints: reparametrization and geometry.},
	url={https://vene.ro/blog/mirror-descent.html},
	urldate={2023-05-18},
} 

@misc{RayTracedDistanceFieldShadowing, 
	title={Distance Field Soft Shadows},
	url={https://docs.unrealengine.com/4.27/en-US/BuildingWorlds/LightingAndShadows/RayTracedDistanceFieldShadowing/},
	urldate={2023-05-18},
} 

@Misc{Kallweit22,
	author =      {Simon Kallweit and Petrik Clarberg and Craig Kolb and Tom{'a}{\v s} Davidovi{\v c} and Kai-Hwa Yao and Theresa Foley and Yong He and Lifan Wu and Lucy Chen and Tomas Akenine-M{\"o}ller and Chris Wyman and Cyril Crassin and Nir Benty},
	title =       {The {Falcor} Rendering Framework},
	year =        {2022},
	month =       {8},
	url =         {https://github.com/NVIDIAGameWorks/Falcor},
	note =        {\url{https://github.com/NVIDIAGameWorks/Falcor}}
}

